% ....názov súboru je: literatura.bib
% kniha

@article{Klemm2007WhatGI,
  title={What Good Is Learning if You Don't Remember It?.},
  author={William R. Klemm},
  journal={The Journal of Effective Teaching},
  year={2007},
  volume={7},
  pages={61-73}
}

@misc{JimmyLIforget,
  title = {Students forget 95\% of what they learn in high school after 3 days. Here's how to help them study},
  author={Jimmy Li},
  howpublished = {\url{https://www.mytuition.nz/articles/high-school/students-forget-everything-heres-how-to-help-them-study}},
  note = {Accessed: 2022-10-29}
}

@INPROCEEDINGS{9611852,
  author={Permanasari, Adhistya Erna and P S, Bernadeta Ratna and S, Fikry Yanuar and Maharani, Mirza Putri and Wibirama, Sunu and Yunus, Junaedy},
  booktitle={2021 13th International Conference on Information Technology and Electrical Engineering (ICITEE)}, 
  title={Design of Gamification for Anatomy Learning Media}, 
  year={2021},
  volume={},
  number={},
  pages={122-126},
  doi={10.1109/ICITEE53064.2021.9611852}}